@Manual{R-base,
  title = {R: A Language and Environment for Statistical Computing},
  author = {{R Core Team}},
  organization = {R Foundation for Statistical Computing},
  address = {Vienna, Austria},
  year = {2018},
  url = {https://www.R-project.org/},
}
@Manual{R-papaja,
  author = {Frederik Aust and Marius Barth},
  title = {{papaja}: {Create} {APA} manuscripts with {R Markdown}},
  year = {2018},
  note = {R package version 0.1.0.9842},
  url = {https://github.com/crsh/papaja},
}
@Manual{R-data.table,
  title = {data.table: Extension of `data.frame`},
  author = {Matt Dowle and Arun Srinivasan},
  year = {2018},
  note = {R package version 1.11.8},
  url = {https://CRAN.R-project.org/package=data.table},
}
@Manual{R-MOTE,
  title = {{MOTE: Measure of the Effect}: Package to assist in effect size calculations and their confidence intervals},
  author = {Erin M. Buchanan and Amber Gillenwaters and John E. Scofield and K.D. Valentine},
  year = {2019},
  note = {R package version 1.0.2},
  url = {http://github.com/doomlab/MOTE},
}
@Manual{R-scales,
  title = {scales: Scale Functions for Visualization},
  author = {Hadley Wickham},
  year = {2018},
  note = {R package version 1.0.0},
  url = {https://CRAN.R-project.org/package=scales},
}
@Book{R-ggplot2,
  author = {Hadley Wickham},
  title = {ggplot2: Elegant Graphics for Data Analysis},
  publisher = {Springer-Verlag New York},
  year = {2016},
  isbn = {978-3-319-24277-4},
  url = {http://ggplot2.org},
}
@Manual{R-dplyr,
  title = {dplyr: A Grammar of Data Manipulation},
  author = {Hadley Wickham and Romain François and Lionel Henry and Kirill Müller},
  year = {2019},
  note = {R package version 0.8.0.1},
  url = {https://CRAN.R-project.org/package=dplyr},
}
@Manual{R-apaTables,
  title = {apaTables: Create American Psychological Association (APA) Style Tables},
  author = {David Stanley},
  year = {2018},
  note = {R package version 2.0.5},
  url = {https://CRAN.R-project.org/package=apaTables},
}
@Book{R-knitr,
  title = {Dynamic Documents with {R} and knitr},
  author = {Yihui Xie},
  publisher = {Chapman and Hall/CRC},
  address = {Boca Raton, Florida},
  year = {2015},
  edition = {2nd},
  note = {ISBN 978-1498716963},
  url = {https://yihui.name/knitr/},
}
@Manual{R-kableExtra,
  title = {kableExtra: Construct Complex Table with 'kable' and Pipe Syntax},
  author = {Hao Zhu},
  year = {2019},
  note = {R package version 1.1.0},
  url = {https://CRAN.R-project.org/package=kableExtra},
}
@article{parton2002employment,
  title={Employment interview outcomes and speech style effects},
  author={Parton, Sabrena R and Siltanen, Susan A and Hosman, Lawrence A and Langenderfer, Jeff},
  journal={Journal of Language and Social Psychology},
  volume={21},
  number={2},
  pages={144--161},
  year={2002},
  publisher={Sage Publications Sage CA: Thousand Oaks, CA}
}
@article{schroeder2015sound,
  title={The sound of intellect: Speech reveals a thoughtful mind, increasing a job candidate’s appeal},
  author={Schroeder, Juliana and Epley, Nicholas},
  journal={Psychological science},
  volume={26},
  number={6},
  pages={877--891},
  year={2015},
  publisher={Sage Publications Sage CA: Los Angeles, CA}
}